@book{dracula,
    title="Dracula",
    author="Stoker, Bram",
    year="1920",
    publisher="Doubleday, Page \& Co.",
    address="Garden City, N.Y."
}

@misc{spark,
    author       = {Aram Jivanyan and
		    Aaron Feickert},
    title        = {Lelantus {S}park: Secure and Flexible Private Transactions},
    howpublished = {Cryptology ePrint Archive, Report 2021/1173},
    year         = {2021},
    note         = {\url{https://ia.cr/2021/1173}},
}
